@article{Alur:1994:TTA:180782.180519,
	author = {Alur, Rajeev and Dill, David L.},
	title = {A Theory of Timed Automata},
	journal = {Theor. Comput. Sci.},
	issue_date = {April 25, 1994},
	volume = {126},
	number = {2},
	month = apr,
	year = {1994},
	issn = {0304-3975},
	pages = {183--235},
	numpages = {53},
	url = {http://dx.doi.org/10.1016/0304-3975(94)90010-8},
	doi = {10.1016/0304-3975(94)90010-8},
	acmid = {180519},
	publisher = {Elsevier Science Publishers Ltd.},
	address = {Essex, UK},
}

@book{Hopcroft:2006:IAT:1196416,
	author = {Hopcroft, John E. and Motwani, Rajeev and Ullman, Jeffrey D.},
	title = {Introduction to Automata Theory, Languages, and Computation (3rd Edition)},
	year = {2006},
	isbn = {0321455363},
	publisher = {Addison-Wesley Longman Publishing Co., Inc.},
	address = {Boston, MA, USA},
}

@book{Clarke:2000:MC:332656,
	author = {Clarke,Jr., Edmund M. and Grumberg, Orna and Peled, Doron A.},
	title = {Model Checking},
	year = {1999},
	isbn = {0-262-03270-8},
	publisher = {MIT Press},
	address = {Cambridge, MA, USA},
}   

@article{Kesten:1999:DIG:302392.302397,
	author = {Kesten, Y. and Pnueli, A. and Sifakis, J. and Yovine, S.},
	title = {Decidable Integration Graphs},
	journal = {Inf. Comput.},
	issue_date = {May 1, 1999},
	volume = {150},
	number = {2},
	month = may,
	year = {1999},
	issn = {0890-5401},
	pages = {209--243},
	numpages = {35},
	url = {http://dx.doi.org/10.1006/inco.1998.2774},
	doi = {10.1006/inco.1998.2774},
	acmid = {302397},
	publisher = {Academic Press, Inc.},
	address = {Duluth, MN, USA},
} 

@article{DBLP:journals/ipl/ChaochenHR91,
	title = "A Calculus of Durations",
	author = "Zhou Chaochen and C. A. R. Hoare and Anders P. Ravn",
	year = "1991",
	journal = "Inf. Process. Lett.",
	number = "5",
	pages = "269-276",
	volume = "40",
	doi = "10.1016/0020-0190(91)90122-X",
}

@INPROCEEDINGS{Alur04decisionproblems,
	author = {Rajeev Alur and P. Madhusudan},
	title = {Decision problems for timed automata: A survey},
	booktitle = {In Proceedings of SFM’04, Lect. Notes Comput. Sci. 3185, 1–24},
	year = {2004},
	pages = {1--24},
	publisher = {Springer}
}

@book{Apt:2003:PCP:1237975,
	author = {Apt, Krzysztof},
	title = {Principles of Constraint Programming},
	year = {2003},
	isbn = {0521825830},
	publisher = {Cambridge University Press},
	address = {New York, NY, USA},
} 

@INPROCEEDINGS{Henzinger96thetheory,
	author = {Thomas A. Henzinger},
	title = {The Theory of Hybrid Automata},
	booktitle = {},
	year = {1996},
	pages = {278--292},
	publisher = {IEEE Computer Society Press}
}

@inproceedings{McManis:1994:SAD:647763.735660,
	author = {McManis, Jennifer and Varaiya, Pravin},
	title = {Suspension Automata: A Decidable Class of Hybrid Automata},
	booktitle = {Proceedings of the 6th International Conference on Computer Aided Verification},
	series = {CAV '94},
	year = {1994},
	isbn = {3-540-58179-0},
	pages = {105--117},
	numpages = {13},
	url = {http://dl.acm.org/citation.cfm?id=647763.735660},
	acmid = {735660},
	publisher = {Springer-Verlag},
	address = {London, UK, UK},
} 

@inproceedings{Cassez:2000:IPS:646735.701625,
	author = {Cassez, Franck and Larsen, Kim Guldstrand},
	title = {The Impressive Power of Stopwatches},
	booktitle = {Proceedings of the 11th International Conference on Concurrency Theory},
	series = {CONCUR '00},
	year = {2000},
	isbn = {3-540-67897-2},
	pages = {138--152},
	numpages = {15},
	url = {http://dl.acm.org/citation.cfm?id=646735.701625},
	acmid = {701625},
	publisher = {Springer-Verlag},
	address = {London, UK, UK},
} 

@inproceedings{Abdeddaim:2002:PJS:646486.694487,
	author = {Abdedda\"{\i}m, Yasmina and Maler, Oded},
	title = {Preemptive Job-Shop Scheduling Using Stopwatch Automata},
	booktitle = {Proceedings of the 8th International Conference on Tools and Algorithms for the Construction and Analysis of Systems},
	series = {TACAS '02},
	year = {2002},
	isbn = {3-540-43419-4},
	pages = {113--126},
	numpages = {14},
	url = {http://dl.acm.org/citation.cfm?id=646486.694487},
	acmid = {694487},
	publisher = {Springer-Verlag},
	address = {London, UK, UK},
} 

@article{Berard:2012:ITA:2158996.2159045,
	author = {B{\'e}rard, B{\'e}atrice and Haddad, Serge and Sassolas, Mathieu},
	title = {Interrupt Timed Automata: Verification and Expressiveness},
	journal = {Form. Methods Syst. Des.},
	issue_date = {February  2012},
	volume = {40},
	number = {1},
	month = feb,
	year = {2012},
	issn = {0925-9856},
	pages = {41--87},
	numpages = {47},
	url = {http://dx.doi.org/10.1007/s10703-011-0140-2},
	doi = {10.1007/s10703-011-0140-2},
	acmid = {2159045},
	publisher = {Kluwer Academic Publishers},
	address = {Hingham, MA, USA},
	keywords = {Decidability of reachability, Hybrid automata, Interrupts, Model checking, Multi-task systems, Real-time properties, Timed automata},
} 

@inproceedings{Higashi:2010:EMC:1808266.1808278,
 author = {Higashi, Makoto and Yamamoto, Tetsuo and Hayase, Yasuhiro and Ishio, Takashi and Inoue, Katsuro},
 title = {An Effective Method to Control Interrupt Handler for Data Race Detection},
 booktitle = {Proceedings of the 5th Workshop on Automation of Software Test},
 series = {AST '10},
 year = {2010},
 isbn = {978-1-60558-970-1},
 location = {Cape Town, South Africa},
 pages = {79--86},
 numpages = {8},
 url = {http://doi.acm.org/10.1145/1808266.1808278},
 doi = {10.1145/1808266.1808278},
 acmid = {1808278},
 publisher = {ACM},
 address = {New York, NY, USA},
 keywords = {embedded systems, fault injection, interrupt-driven software, race condition},
}

@INBOOK{ecos,
	AUTHOR = {Anthony J. Massa},
	TITLE = {Embedded Software Development with ECos},
	CHAPTER = {Exceptions and Interrupts},
	PAGES = {40},
	PUBLISHER = {Prentice Hall Professional},
	YEAR = {2003},
}


@book{ARM,
	author={ARM\textsuperscript{\textregistered}},
	title={ARM\textsuperscript{\textregistered}v7-M Architecture Reference Manual},
	address={110 Fulbourn Road Cambridge, England CB1 9NJ},
	publisher={ARM Limited},
	year={2010}
}

@book{ecos_isr,
	author={Free Software Foundation, Inc},
	title={eCos Reference Manual},
	address={New York},
	publisher={Free Software Foundation, Inc},
	year={2008}
}

@book{AAPCS,
	author={ARM\textsuperscript{\textregistered}},
	title={Procedure Call Standard for the ARM\textsuperscript{\textregistered} Architecture},
	address={110 Fulbourn Road Cambridge, England CB1 9NJ},
	publisher={ARM Limited},
	year={2012}
}

@INBOOK{uppaal,
	AUTHOR = {Gerd Behrmann, Alexandre David, Kim G. Larsen},
	TITLE = {Formal Methods for the Design of Real-Time Systems},
	CHAPTER = {A Tutorial on Uppaal},
	PAGES = {200-236},
	PUBLISHER = {Springer Berlin Heidelberg},
	YEAR = {2004},
}

